%% This BibTeX bibliography file was created using BibDesk.
%% https://bibdesk.sourceforge.io/

%% Created for Vadim Vorobyov at 2024-06-03 14:46:52 +0200 


%% Saved with string encoding Unicode (UTF-8) 



@article{bradley2019ten,
	author = {Bradley, Conor E and Randall, Joe and Abobeih, Mohamed H and Berrevoets, Remon C and Degen, Maarten J and Bakker, Michiel A and Markham, Matthew and Twitchen, Daniel J and Taminiau, Tim H},
	date-added = {2024-06-03 14:44:21 +0200},
	date-modified = {2024-06-03 14:44:21 +0200},
	journal = {Physical Review X},
	number = {3},
	pages = {031045},
	publisher = {APS},
	title = {A ten-qubit solid-state spin register with quantum memory up to one minute},
	volume = {9},
	year = {2019}}

@article{zhao2014dynamical,
	author = {Zhao, Nan and Wrachtrup, J{\"o}rg and Liu, Ren-Bao},
	date-added = {2024-06-03 14:41:23 +0200},
	date-modified = {2024-06-03 14:41:23 +0200},
	journal = {Physical Review A},
	number = {3},
	pages = {032319},
	publisher = {APS},
	title = {Dynamical decoupling design for identifying weakly coupled nuclear spins in a bath},
	volume = {90},
	year = {2014}}

@article{stoll2005peak,
	author = {Stoll, Stefan and Calle, Carlos and Mitrikas, George and Schweiger, Arthur},
	date-added = {2024-06-03 14:39:10 +0200},
	date-modified = {2024-06-03 14:39:10 +0200},
	journal = {Journal of Magnetic Resonance},
	number = {1},
	pages = {93--101},
	publisher = {Elsevier},
	title = {Peak suppression in ESEEM spectra of multinuclear spin systems},
	volume = {177},
	year = {2005}}

@article{kasumaj20085,
	author = {Kasumaj, B and Stoll, S},
	date-added = {2024-06-03 14:37:37 +0200},
	date-modified = {2024-06-03 14:37:37 +0200},
	journal = {Journal of Magnetic Resonance},
	number = {2},
	pages = {233--247},
	publisher = {Elsevier},
	title = {5-and 6-pulse electron spin echo envelope modulation (ESEEM) of multi-nuclear spin systems},
	volume = {190},
	year = {2008}}

@book{Schweiger2001Principles,
	author = {Arthur Schweiger and Gunnar Jeschke},
	date-added = {2024-06-03 14:34:24 +0200},
	date-modified = {2024-06-03 14:45:34 +0200},
	publisher = {Oxford University Press},
	title = {Principles of pulse electron paramagnetic resonance},
	year = {2001},
	bdsk-url-1 = {https://api.semanticscholar.org/CorpusID:92110118}}

@book{schweiger2001,
	date-added = {2024-06-03 14:32:55 +0200},
	date-modified = {2024-06-03 14:33:34 +0200},
	rating = {1},
	read = {0}}

@article{dreau2012high,
	author = {Dr{\'e}au, A and Maze, J-R and Lesik, M and Roch, J-F and Jacques, V},
	date-added = {2024-06-03 13:28:20 +0200},
	date-modified = {2024-06-03 13:28:20 +0200},
	journal = {Physical Review B},
	number = {13},
	pages = {134107},
	publisher = {APS},
	title = {High-resolution spectroscopy of single NV defects coupled with nearby 13 C nuclear spins in diamond},
	volume = {85},
	year = {2012}}

@article{neumann2010single,
	author = {Neumann, Philipp and Beck, Johannes and Steiner, Matthias and Rempp, Florian and Fedder, Helmut and Hemmer, Philip R and Wrachtrup, J{\"o}rg and Jelezko, Fedor},
	date-added = {2024-06-03 13:24:53 +0200},
	date-modified = {2024-06-03 13:24:53 +0200},
	journal = {science},
	number = {5991},
	pages = {542--544},
	publisher = {American Association for the Advancement of Science},
	title = {Single-shot readout of a single nuclear spin},
	volume = {329},
	year = {2010}}

@article{taminiau2012detection,
	author = {Taminiau, TH and Wagenaar, JJT and Van der Sar, T and Jelezko, Fedor and Dobrovitski, Viatcheslav V and Hanson, R},
	date-added = {2024-06-03 13:24:36 +0200},
	date-modified = {2024-06-03 13:24:36 +0200},
	journal = {Physical review letters},
	number = {13},
	pages = {137602},
	publisher = {APS},
	title = {Detection and control of individual nuclear spins using a weakly coupled electron spin},
	volume = {109},
	year = {2012}}

@article{trusheim2014scalable,
	author = {Trusheim, Matthew E and Li, Luozhou and Laraoui, Abdelghani and Chen, Edward H and Bakhru, Hassaram and Schr{\"o}der, Tim and Gaathon, Ophir and Meriles, Carlos A and Englund, Dirk},
	date-added = {2024-06-03 13:24:06 +0200},
	date-modified = {2024-06-03 13:24:06 +0200},
	journal = {Nano letters},
	number = {1},
	pages = {32--36},
	publisher = {ACS Publications},
	title = {Scalable fabrication of high purity diamond nanocrystals with long-spin-coherence nitrogen vacancy centers},
	volume = {14},
	year = {2014}}

@article{vorobyov2022addressing,
	author = {Vorobyov, V and Javadzade, J and Joliffe, M and Kaiser, F and Wrachtrup, J},
	date-added = {2024-06-03 13:23:51 +0200},
	date-modified = {2024-06-03 13:23:51 +0200},
	journal = {Applied Magnetic Resonance},
	number = {7},
	pages = {1317--1330},
	publisher = {Springer},
	title = {Addressing single nuclear spins quantum memories by a central electron spin},
	volume = {53},
	year = {2022}}

@article{childress2006coherent,
	author = {Childress, L and Gurudev Dutt, MV and Taylor, JM and Zibrov, AS and Jelezko, F and Wrachtrup, J and Hemmer, PR and Lukin, MD},
	date-added = {2024-06-03 13:23:24 +0200},
	date-modified = {2024-06-03 13:23:24 +0200},
	journal = {Science},
	number = {5797},
	pages = {281--285},
	publisher = {American Association for the Advancement of Science},
	title = {Coherent dynamics of coupled electron and nuclear spin qubits in diamond},
	volume = {314},
	year = {2006}}

@article{van2024mapping,
	author = {Van de Stolpe, GL and Kwiatkowski, DP and Bradley, CE and Randall, J and Abobeih, MH and Breitweiser, SA and Bassett, LC and Markham, M and Twitchen, DJ and Taminiau, TH},
	date-added = {2024-06-03 13:21:51 +0200},
	date-modified = {2024-06-03 13:21:51 +0200},
	journal = {Nature Communications},
	number = {1},
	pages = {2006},
	publisher = {Nature Publishing Group UK London},
	title = {Mapping a 50-spin-qubit network through correlated sensing},
	volume = {15},
	year = {2024}}

@article{abobeih2019atomic,
	author = {Abobeih, MH and Randall, J and Bradley, CE and Bartling, HP and Bakker, MA and Degen, MJ and Markham, M and Twitchen, DJ and Taminiau, TH},
	date-added = {2024-06-03 13:21:30 +0200},
	date-modified = {2024-06-03 13:21:30 +0200},
	journal = {Nature},
	number = {7787},
	pages = {411--415},
	publisher = {Nature Publishing Group UK London},
	title = {Atomic-scale imaging of a 27-nuclear-spin cluster using a quantum sensor},
	volume = {576},
	year = {2019}}

@article{bradley2022robust,
	author = {Bradley, CE and de Bone, SW and M{\"o}ller, PFW and Baier, S and Degen, MJ and Loenen, SJH and Bartling, HP and Markham, M and Twitchen, DJ and Hanson, R and others},
	date-added = {2024-06-03 13:21:10 +0200},
	date-modified = {2024-06-03 13:21:10 +0200},
	journal = {npj Quantum Information},
	number = {1},
	pages = {122},
	publisher = {Nature Publishing Group UK London},
	title = {Robust quantum-network memory based on spin qubits in isotopically engineered diamond},
	volume = {8},
	year = {2022}}

@article{vorobyov2023transition,
	author = {Vorobyov, Vadim V and Meinel, Jonas and Sumiya, Hitoshi and Onoda, Shinobu and Isoya, Junichi and Gulinsky, Oleg and Wrachtrup, J{\"o}rg},
	date-added = {2024-06-03 13:20:47 +0200},
	date-modified = {2024-06-03 13:20:47 +0200},
	journal = {Physical Review A},
	number = {4},
	pages = {042212},
	publisher = {APS},
	title = {Transition from quantum to classical dynamics in weak measurements and reconstruction of quantum correlation},
	volume = {107},
	year = {2023}}

@article{hesselmeier2024high,
	author = {Hesselmeier, Erik and Kuna, Pierre and Knolle, Wolfgang and Kaiser, Florian and Son, Nguyen Tien and Ghezellou, Misagh and Ul-Hassan, Jawad and Vorobyov, Vadim and Wrachtrup, J{\"o}rg},
	date-added = {2024-06-03 13:19:55 +0200},
	date-modified = {2024-06-03 13:19:55 +0200},
	journal = {Physical Review Letters},
	number = {18},
	pages = {180804},
	publisher = {APS},
	title = {High-Fidelity Optical Readout of a Nuclear-Spin Qubit in Silicon Carbide},
	volume = {132},
	year = {2024}}

@article{hesselmeier2024qudit,
	author = {Hesselmeier, Erik and Kuna, Pierre and Tak{\'a}cs, Istv{\'a}n and Iv{\'a}dy, Viktor and Knolle, Wolfgang and Son, Nguyen Tien and Ghezellou, Misagh and Ul-Hassan, Jawad and Dasari, Durga and Kaiser, Florian and others},
	date-added = {2024-06-03 13:19:30 +0200},
	date-modified = {2024-06-03 13:19:30 +0200},
	journal = {Physical Review Letters},
	number = {9},
	pages = {090601},
	publisher = {APS},
	title = {Qudit-Based Spectroscopy for Measurement and Control of Nuclear-Spin Qubits in Silicon Carbide},
	volume = {132},
	year = {2024}}

@article{vorobyov2021quantum,
	author = {Vorobyov, Vadim and Zaiser, Sebastian and Abt, Nikolas and Meinel, Jonas and Dasari, Durga and Neumann, Philipp and Wrachtrup, J{\"o}rg},
	date-added = {2024-06-03 13:19:04 +0200},
	date-modified = {2024-06-03 13:19:04 +0200},
	journal = {npj Quantum Information},
	number = {1},
	pages = {124},
	publisher = {Nature Publishing Group UK London},
	title = {Quantum Fourier transform for nanoscale quantum sensing},
	volume = {7},
	year = {2021}}

@article{meinel2023high,
	author = {Meinel, Jonas and Kwon, MinSik and Maier, Rouven and Dasari, Durga and Sumiya, Hitoshi and Onoda, Shinobu and Isoya, Junichi and Vorobyov, Vadim and Wrachtrup, J{\"o}rg},
	date-added = {2024-06-03 13:18:10 +0200},
	date-modified = {2024-06-03 13:18:10 +0200},
	journal = {Communications Physics},
	number = {1},
	pages = {302},
	publisher = {Nature Publishing Group UK London},
	title = {High-resolution nanoscale NMR for arbitrary magnetic fields},
	volume = {6},
	year = {2023}}

@article{degen2017quantum,
	author = {Degen, Christian L and Reinhard, Friedemann and Cappellaro, Paola},
	date-added = {2024-06-03 13:17:40 +0200},
	date-modified = {2024-06-03 13:17:40 +0200},
	journal = {Reviews of modern physics},
	number = {3},
	pages = {035002},
	publisher = {APS},
	title = {Quantum sensing},
	volume = {89},
	year = {2017}}

@article{awschalom2018quantum,
	author = {Awschalom, David D and Hanson, Ronald and Wrachtrup, J{\"o}rg and Zhou, Brian B},
	date-added = {2024-06-03 13:17:09 +0200},
	date-modified = {2024-06-03 13:17:09 +0200},
	journal = {Nature Photonics},
	number = {9},
	pages = {516--527},
	publisher = {Nature Publishing Group UK London},
	title = {Quantum technologies with optically interfaced solid-state spins},
	volume = {12},
	year = {2018}}

@article{pompili2021realization,
	author = {Pompili, Matteo and Hermans, Sophie LN and Baier, Simon and Beukers, Hans KC and Humphreys, Peter C and Schouten, Raymond N and Vermeulen, Raymond FL and Tiggelman, Marijn J and dos Santos Martins, Laura and Dirkse, Bas and others},
	date-added = {2024-06-03 13:16:46 +0200},
	date-modified = {2024-06-03 13:16:46 +0200},
	journal = {Science},
	number = {6539},
	pages = {259--264},
	publisher = {American Association for the Advancement of Science},
	title = {Realization of a multinode quantum network of remote solid-state qubits},
	volume = {372},
	year = {2021}}

@article{reiner2024high,
	author = {Reiner, J and Chung, Y and Misha, SH and Lehner, C and Moehle, C and Poulos, D and Monir, S and Charde, KJ and Macha, P and Kranz, L and others},
	journal = {Nature Nanotechnology},
	pages = {1--7},
	publisher = {Nature Publishing Group UK London},
	title = {High-fidelity initialization and control of electron and nuclear spins in a four-qubit register},
	year = {2024}}

@article{zaiser2016enhancing,
	author = {Zaiser, Sebastian and Rendler, Torsten and Jakobi, Ingmar and Wolf, Thomas and Lee, Sang-Yun and Wagner, Samuel and Bergholm, Ville and Schulte-Herbr{\"u}ggen, Thomas and Neumann, Philipp and Wrachtrup, J{\"o}rg},
	date-added = {2024-01-31 17:15:48 +0100},
	date-modified = {2024-01-31 17:15:48 +0100},
	journal = {Nature communications},
	number = {1},
	pages = {12279},
	publisher = {Nature Publishing Group UK London},
	title = {Enhancing quantum sensing sensitivity by a quantum memory},
	volume = {7},
	year = {2016}}

@article{Zhao:2014aa,
	author = {Nan Zhao},
	date-added = {2024-01-31 17:06:56 +0100},
	date-modified = {2024-01-31 17:06:56 +0100},
	doi = {10.1103/PhysRevA.90.032319},
	journal = {Physical Review A},
	number = {3},
	title = {Dynamical decoupling design for identifying weakly coupled nuclear spins in a bath},
	url = {https://doi.org/10.1103/PhysRevA.90.032319},
	volume = {90},
	year = {2014},
	bdsk-url-1 = {https://doi.org/10.1103/PhysRevA.90.032319}}

@article{laraoui2013high,
	author = {Laraoui, Abdelghani and Dolde, Florian and Burk, Christian and Reinhard, Friedemann and Wrachtrup, J{\"o}rg and Meriles, Carlos A},
	date-added = {2024-01-31 17:03:14 +0100},
	date-modified = {2024-06-03 14:46:52 +0200},
	journal = {Nature communications},
	number = {1},
	pages = {1651},
	publisher = {Nature Publishing Group UK London},
	title = {High-resolution correlation spectroscopy of 13{C} spins near a nitrogen-vacancy centre in diamond},
	volume = {4},
	year = {2013}}

@article{hesselmeier2023measuring,
	author = {Hesselmeier, Erik and Kuna, Pierre and Tak{\'a}cs, Istv{\'a}n and Iv{\'a}dy, Viktor and Knolle, Wolfgang and Ghezellou, Misagh and Ul-Hassan, Jawad and Dasari, Durga and Kaiser, Florian and Vorobyov, Vadim and others},
	date-added = {2024-01-31 17:00:10 +0100},
	date-modified = {2024-01-31 17:00:10 +0100},
	journal = {arXiv preprint arXiv:2310.15557},
	title = {Measuring nuclear spin qubits by qudit-enhanced spectroscopy in Silicon Carbide},
	year = {2023}}
