%% This BibTeX bibliography file was created using BibDesk.
%% https://bibdesk.sourceforge.io/

%% Created for Vadim Vorobyov at 2024-01-31 17:15:49 +0100 


%% Saved with string encoding Unicode (UTF-8) 



@article{zaiser2016enhancing,
	author = {Zaiser, Sebastian and Rendler, Torsten and Jakobi, Ingmar and Wolf, Thomas and Lee, Sang-Yun and Wagner, Samuel and Bergholm, Ville and Schulte-Herbr{\"u}ggen, Thomas and Neumann, Philipp and Wrachtrup, J{\"o}rg},
	date-added = {2024-01-31 17:15:48 +0100},
	date-modified = {2024-01-31 17:15:48 +0100},
	journal = {Nature communications},
	number = {1},
	pages = {12279},
	publisher = {Nature Publishing Group UK London},
	title = {Enhancing quantum sensing sensitivity by a quantum memory},
	volume = {7},
	year = {2016}}

@article{Bradley:2019aa,
	author = {C.â€‰E. Bradley},
	date-added = {2024-01-31 17:14:58 +0100},
	date-modified = {2024-01-31 17:14:58 +0100},
	doi = {10.1103/PhysRevX.9.031045},
	journal = {Physical Review X},
	number = {3},
	title = {A Ten-Qubit Solid-State Spin Register with Quantum Memory up to One Minute},
	url = {https://doi.org/10.1103/PhysRevX.9.031045},
	volume = {9},
	year = {2019},
	bdsk-url-1 = {https://doi.org/10.1103/PhysRevX.9.031045}}

@article{Zhao:2014aa,
	author = {Nan Zhao},
	date-added = {2024-01-31 17:06:56 +0100},
	date-modified = {2024-01-31 17:06:56 +0100},
	doi = {10.1103/PhysRevA.90.032319},
	journal = {Physical Review A},
	number = {3},
	title = {Dynamical decoupling design for identifying weakly coupled nuclear spins in a bath},
	url = {https://doi.org/10.1103/PhysRevA.90.032319},
	volume = {90},
	year = {2014},
	bdsk-url-1 = {https://doi.org/10.1103/PhysRevA.90.032319}}

@article{laraoui2013high,
	author = {Laraoui, Abdelghani and Dolde, Florian and Burk, Christian and Reinhard, Friedemann and Wrachtrup, J{\"o}rg and Meriles, Carlos A},
	date-added = {2024-01-31 17:03:14 +0100},
	date-modified = {2024-01-31 17:03:14 +0100},
	journal = {Nature communications},
	number = {1},
	pages = {1651},
	publisher = {Nature Publishing Group UK London},
	title = {High-resolution correlation spectroscopy of 13C spins near a nitrogen-vacancy centre in diamond},
	volume = {4},
	year = {2013}}

@article{hesselmeier2023measuring,
	author = {Hesselmeier, Erik and Kuna, Pierre and Tak{\'a}cs, Istv{\'a}n and Iv{\'a}dy, Viktor and Knolle, Wolfgang and Ghezellou, Misagh and Ul-Hassan, Jawad and Dasari, Durga and Kaiser, Florian and Vorobyov, Vadim and others},
	date-added = {2024-01-31 17:00:10 +0100},
	date-modified = {2024-01-31 17:00:10 +0100},
	journal = {arXiv preprint arXiv:2310.15557},
	title = {Measuring nuclear spin qubits by qudit-enhanced spectroscopy in Silicon Carbide},
	year = {2023}}

@article{Dreau:2012aa,
	author = {A. Dr{\'e}au},
	date-added = {2024-01-31 16:55:52 +0100},
	date-modified = {2024-01-31 16:55:52 +0100},
	doi = {10.1103/PhysRevB.85.134107},
	journal = {Physical Review B},
	number = {13},
	title = {High-resolution spectroscopy of single NV defects coupled with nearby $^{13}$C nuclear spins in diamond},
	url = {https://doi.org/10.1103/PhysRevB.85.134107},
	volume = {85},
	year = {2012},
	

@article{pompili2021realization,
	author = {Pompili, Matteo and Hermans, Sophie LN and Baier, Simon and Beukers, Hans KC and Humphreys, Peter C and Schouten, Raymond N and Vermeulen, Raymond FL and Tiggelman, Marijn J and dos Santos Martins, Laura and Dirkse, Bas and others},
	journal = {Science},
	number = {6539},
	pages = {259--264},
	publisher = {American Association for the Advancement of Science},
	title = {Realization of a multinode quantum network of remote solid-state qubits},
	volume = {372},
	year = {2021}}

@article{degen2017quantum,
	author = {Degen, Christian L and Reinhard, Friedemann and Cappellaro, Paola},
	journal = {Reviews of modern physics},
	number = {3},
	pages = {035002},
	publisher = {APS},
	title = {Quantum sensing},
	volume = {89},
	year = {2017}}

@article{awschalom2018quantum,
	author = {Awschalom, David D and Hanson, Ronald and Wrachtrup, J{\"o}rg and Zhou, Brian B},
	journal = {Nature Photonics},
	number = {9},
	pages = {516--527},
	publisher = {Nature Publishing Group UK London},
	title = {Quantum technologies with optically interfaced solid-state spins},
	volume = {12},
	year = {2018}}

@article{bradley2019ten,
	author = {Bradley, Conor E and Randall, Joe and Abobeih, Mohamed H and Berrevoets, RC and Degen, MJ and Bakker, Michiel A and Markham, Matthew and Twitchen, DJ and Taminiau, Tim H},
	journal = {Physical Review X},
	number = {3},
	pages = {031045},
	publisher = {APS},
	title = {A ten-qubit solid-state spin register with quantum memory up to one minute},
	volume = {9},
	year = {2019}}

@article{childress2006coherent,
	author = {Childress, L and Gurudev Dutt, MV and Taylor, JM and Zibrov, AS and Jelezko, F and Wrachtrup, J and Hemmer, PR and Lukin, MD},
	journal = {Science},
	number = {5797},
	pages = {281--285},
	publisher = {American Association for the Advancement of Science},
	title = {Coherent dynamics of coupled electron and nuclear spin qubits in diamond},
	volume = {314},
	year = {2006}}

@article{kasumaj20085,
	author = {Kasumaj, B and Stoll, S},
	journal = {Journal of Magnetic Resonance},
	number = {2},
	pages = {233--247},
	publisher = {Elsevier},
	title = {5-and 6-pulse electron spin echo envelope modulation (ESEEM) of multi-nuclear spin systems},
	volume = {190},
	year = {2008}}

@article{vorobyov2022addressing,
	author = {Vorobyov, V and Javadzade, J and Joliffe, M and Kaiser, F and Wrachtrup, J},
	journal = {Applied Magnetic Resonance},
	number = {7-9},
	pages = {1317--1330},
	publisher = {Springer},
	title = {Addressing Single Nuclear Spins Quantum Memories by a Central Electron Spin},
	volume = {53},
	year = {2022}}

@article{stoll2005peak,
	author = {Stoll, Stefan and Calle, Carlos and Mitrikas, George and Schweiger, Arthur},
	journal = {Journal of Magnetic Resonance},
	number = {1},
	pages = {93--101},
	publisher = {Elsevier},
	title = {Peak suppression in ESEEM spectra of multinuclear spin systems},
	volume = {177},
	year = {2005}}

@article{abobeih2019atomic,
	author = {Abobeih, MH and Randall, J and Bradley, CE and Bartling, HP and Bakker, MA and Degen, MJ and Markham, M and Twitchen, DJ and Taminiau, TH},
	journal = {Nature},
	number = {7787},
	pages = {411--415},
	publisher = {Nature Publishing Group UK London},
	title = {Atomic-scale imaging of a 27-nuclear-spin cluster using a quantum sensor},
	volume = {576},
	year = {2019}}

@article{van2023mapping,
	author = {van de Stolpe, GL and Kwiatkowski, DP and Bradley, CE and Randall, J and Breitweiser, SA and Bassett, LC and Markham, M and Twitchen, DJ and Taminiau, TH},
	journal = {arXiv preprint arXiv:2307.06939},
	title = {Mapping a 50-spin-qubit network through correlated sensing},
	year = {2023}}

@article{taminiau2012detection,
	author = {Taminiau, TH and Wagenaar, JJT and Van der Sar, T and Jelezko, Fedor and Dobrovitski, Viatcheslav V and Hanson, R},
	journal = {Physical review letters},
	number = {13},
	pages = {137602},
	publisher = {APS},
	title = {Detection and control of individual nuclear spins using a weakly coupled electron spin},
	volume = {109},
	year = {2012}}
